
@Article{	  dalozzo.dujmovic.ea:drawing,
  title		= {Drawing planar graphs with many collinear vertices},
  author	= {Giordano Da Lozzo and Vida DujmoviÄ‡ and Fabrizio Frati
		  and Tamara Mchedlidze and Vincenzo Roselli},
  journal	= {Journal of Computational Geometry},
  volume	= 9,
  number	= 1,
  pages		= {94--130},
  year		= 2018
}

@Article{	  tutte:convex,
  author	= {W. T. Tutte},
  title		= {Convex representations of graphs},
  journal	= {Proceedings of the London Mathematical Society},
  volume	= 10,
  year		= 1960,
  pages		= {304-320}
}

@Article{	  tutte:how,
  author	= {William T. Tutte},
  title		= {How to draw a graph},
  journal	= {Proceedings of the London Mathematical Society},
  volume	= {13},
  pages		= {743--768},
  year		= {1963}
}

@article{felsner.huemer.ea:binary,
  author    = {Stefan Felsner and
               Clemens Huemer and
               Sarah Kappes and
               David Orden},
  title     = {Binary Labelings for Plane Quadrangulations and their Relatives},
  journal   = {Discrete Mathematics {\&} Theoretical Computer Science},
  volume    = {12},
  number    = {3},
  pages     = {115--138},
  year      = {2010},
  url       = {http://dmtcs.episciences.org/475},
  timestamp = {Thu, 11 May 2017 14:15:03 +0200},
  biburl    = {https://dblp.org/rec/bib/journals/dmtcs/FelsnerHKO10},
  bibsource = {dblp computer science bibliography, https://dblp.org}
}
